<record><leader>00000cas a22000007a 4500</leader><controlfield tag="001">20499137</controlfield><controlfield tag="008">891017d191719uupr uu ne      0    0spa d</controlfield><datafield ind1=" " ind2=" " tag="010"><subfield code="a">sn 89078189 </subfield></datafield><datafield ind1=" " ind2=" " tag="040"><subfield code="a">PNN</subfield><subfield code="b">eng</subfield><subfield code="c">PNN</subfield><subfield code="d">OCLCQ</subfield></datafield><datafield ind1=" " ind2=" " tag="042"><subfield code="a">msc</subfield></datafield><datafield ind1="0" ind2="0" tag="245"><subfield code="a">Don Sen&#771;or.</subfield></datafield><datafield ind1=" " ind2=" " tag="260"><subfield code="a">Catan&#771;o, P.R. :</subfield><subfield code="b">Imprenta Ossorio</subfield></datafield><datafield ind1=" " ind2=" " tag="300"><subfield code="a">v.</subfield></datafield><datafield ind1="1" ind2=" " tag="362"><subfield code="a">Began in 1917.</subfield></datafield><datafield ind1=" " ind2=" " tag="500"><subfield code="a">&quot;Perio&#769;dico joco-serio-sati&#769;rico.&quot;</subfield></datafield><datafield ind1=" " ind2=" " tag="588"><subfield code="a">Description based on: An&#771;o 1, nu&#769;m. 6 (Oct. 7 de 1917).</subfield></datafield><datafield ind1=" " ind2=" " tag="752"><subfield code="a">United States</subfield><subfield code="b">Puerto Rico</subfield><subfield code="d">Catan&#771;o.</subfield></datafield></record>